@misc{lda,
    	author = {Mohamed Aly},
    	title = {Real time Detection of Lane Markers in Urban Streets},
    	url = {http://www.vision.caltech.edu/malaa/publications/aly08realtime.pdf}
},

@misc{BehaviouralModel,
	author = {D. A. Pomerleau}, 
	title = {Alvinn: An autonomous land vehicle in a neural network}, 
	url = {http://repository.cmu.edu/cgi/viewcontent.cgi?article=2874&context=compsci}
},

@article{deepDrive,
	author = {},
	title = {DeepDriving: Learning Affordance for Direct Perception in Autonomous Driving},
	publisher = {Princeton University},
	url = {http://deepdriving.cs.princeton.edu} 
},

@misc{deepFlow, 
	author = {P. Weinzaepfel, J. Revaud, Z. Harchaoui, and C. Schmid}, 
	title = {Deepflow: Large displacement optical flow with deep matching}, 
	url = {https://www.robots.ox.ac.uk/~vgg/rg/papers/DeepFlow_iccv2013.pdf}
},

@misc{alexNet,
	author = {Alex Krizhevsky, Ilya Sutskever, Geoffrey E. Hinton}, 
	title = {ImageNet Classification with Deep Convolutional Neural Networks}, 
	url = {http://vision.stanford.edu/teaching/cs231b_spring1415/slides/alexnet_tugce_kyunghee.pdf}
},

@misc{longRangeVision, 
	author = {R. Hadsell, P. Sermanet, J. Ben, A. Erkan, M. Scoffier, K. Kavukcuoglu, U. Muller, and Y. LeCun}, 
	title = {Learning long-range vision for autonomous off-road driving}, 
	url = {http://www.cs.nyu.edu/~sermanet/lagr/papers/hadsell-jfr-09_wiley.pdf}
},
